<record><leader>00000cas a22000007a 4500</leader><controlfield tag="001">19515615</controlfield><controlfield tag="008">890407d19371950mduwr ne      0    0eng d</controlfield><datafield ind1=" " ind2=" " tag="010"><subfield code="a">sn 88065769 </subfield></datafield><datafield ind1=" " ind2=" " tag="040"><subfield code="a">MFN</subfield><subfield code="b">eng</subfield><subfield code="c">MFN</subfield><subfield code="d">OCL</subfield><subfield code="d">OCLCQ</subfield></datafield><datafield ind1=" " ind2=" " tag="042"><subfield code="a">msc</subfield></datafield><datafield ind1=" " ind2="4" tag="050"><subfield code="a">AN41.641.B4</subfield><subfield code="b">T7</subfield></datafield><datafield ind1="0" ind2="0" tag="245"><subfield code="a">Bethesda Chevy-Chase tribune.</subfield></datafield><datafield ind1=" " ind2=" " tag="260"><subfield code="a">Bethesda, Md. :</subfield><subfield code="b">Bethesda-Chevy Chase Pub. Co.</subfield></datafield><datafield ind1=" " ind2=" " tag="300"><subfield code="a">v.</subfield></datafield><datafield ind1=" " ind2=" " tag="310"><subfield code="a">Weekly,</subfield><subfield code="b">Sept. 12, 1941-1950</subfield></datafield><datafield ind1=" " ind2=" " tag="321"><subfield code="a">Various frequencies.</subfield></datafield><datafield ind1="0" ind2=" " tag="362"><subfield code="a">Vol. 1, no. 1 (Apr. 14, 1937)-v. 13, no. 40 (Jan. 13, 1950).</subfield></datafield><datafield ind1=" " ind2=" " tag="500"><subfield code="a">Published as: Bethesda Chevy Chase tribune, Apr. 14, 1939-1950.</subfield></datafield><datafield ind1=" " ind2=" " tag="752"><subfield code="a">United States</subfield><subfield code="b">Maryland</subfield><subfield code="c">Montgomery</subfield><subfield code="d">Bethesda.</subfield></datafield><datafield ind1=" " ind2=" " tag="752"><subfield code="a">United States</subfield><subfield code="b">Maryland</subfield><subfield code="c">Montgomery</subfield><subfield code="d">Chevy Chase.</subfield></datafield><datafield ind1="0" ind2="0" tag="785"><subfield code="t">Tribune Montgomery County, Maryland</subfield><subfield code="w">(DLC)sn 88065768</subfield></datafield></record>